@book{Knuth:1998:ACP:280635,
 author = {Knuth, Donald E.},
 title = {The Art of Computer Programming,  Volume 3: (2Nd Ed.) Sorting and Searching},
 year = {1998},
 isbn = {0-201-89685-0},
 publisher = {Addison Wesley Longman Publishing Co., Inc.},
 address = {Redwood City, CA, USA},
} 

@book{horster2013datenschutz,
  title={Datenschutz und Datensicherheit: Konzepte, Realisierungen, Rechtliche Aspekte, Anwendungen},
  author={Horster, P. and Fox, D.},
  isbn={9783322891099},
  series={DuD-Fachbeitr{\"a}ge},
  year={2013},
  publisher={Vieweg+Teubner Verlag}
}

@book{sambleben2013informationstechnologie,
  title={Informationstechnologie und Sicherheitspolitik: Wird der dritte Weltkrieg im Internet ausgetragen?},
  author={Sambleben, J. and Schumacher, S.},
  isbn={9783848234943},
  year={2013},
  publisher={Books on Demand}
}

@book{kubieziel2007anonym,
  title={Anonym im Netz: Techniken der digitalen Bewegungsfreiheit},
  author={Kubieziel, J.},
  isbn={9783937514420},
  year={2007},
  publisher={Open Source Press}
}

@misc{mixmastermanpage,
  title = {Mixmaster protocol manpage},
  publisher={Anonymizer Inc.},
  year={2008},
  howpublished={\url{http://mixmaster.sourceforge.net/manpage.html}}
}

@book{oram2001peer,
  title={Peer-to-Peer: Harnessing the Power of Disruptive Technologies},
  author={Oram, A.},
  isbn={9781491943212},
  year={2001},
  publisher={O'Reilly Media}
}
